<record><leader>00000cas a2200000 a 4500</leader><controlfield tag="001">10815295</controlfield><controlfield tag="008">840607d18681909vtudn ne      0    0eng c</controlfield><datafield ind1=" " ind2=" " tag="010"><subfield code="a">sn 84023206 </subfield></datafield><datafield ind1=" " ind2=" " tag="040"><subfield code="a">AQM</subfield><subfield code="b">eng</subfield><subfield code="c">AQM</subfield><subfield code="d">NPX</subfield><subfield code="d">NPU</subfield><subfield code="d">DLC</subfield><subfield code="d">NSD</subfield><subfield code="d">MGN</subfield><subfield code="d">OCL</subfield><subfield code="d">NVN</subfield><subfield code="d">OCL</subfield><subfield code="d">NVN</subfield><subfield code="d">OCLCQ</subfield><subfield code="d">DLC</subfield><subfield code="d">OCLCA</subfield><subfield code="d">OCLCF</subfield></datafield><datafield ind1=" " ind2=" " tag="019"><subfield code="a">2264384</subfield></datafield><datafield ind1=" " ind2=" " tag="042"><subfield code="a">pcc</subfield></datafield><datafield ind1=" " ind2=" " tag="043"><subfield code="a">n-us-vt</subfield></datafield><datafield ind1="0" ind2="0" tag="050"><subfield code="a">Newspaper 9985</subfield></datafield><datafield ind1="0" ind2=" " tag="130"><subfield code="a">Montpelier daily journal (Montpelier, Vt. : 1868)</subfield></datafield><datafield ind1="1" ind2="0" tag="245"><subfield code="a">Montpelier daily journal.</subfield></datafield><datafield ind1="1" ind2="3" tag="246"><subfield code="a">Daily journal</subfield></datafield><datafield ind1=" " ind2=" " tag="260"><subfield code="a">Montpelier, Vt. :</subfield><subfield code="b">J. &amp; J.M. Poland</subfield></datafield><datafield ind1=" " ind2=" " tag="300"><subfield code="a">v. ;</subfield><subfield code="c">57 cm.</subfield></datafield><datafield ind1=" " ind2=" " tag="310"><subfield code="a">Daily (except Sun.; during sessions of the legislature)</subfield></datafield><datafield ind1="1" ind2=" " tag="362"><subfield code="a">Began with Mar. 4, 1868; ceased in 1909?</subfield></datafield><datafield ind1=" " ind2=" " tag="500"><subfield code="a">"Republican."</subfield></datafield><datafield ind1=" " ind2=" " tag="500"><subfield code="a">Suspended Dec. 1, 1898. Resumed publication May 1, 1899.</subfield></datafield><datafield ind1=" " ind2=" " tag="580"><subfield code="a">Weekly eds.: Vermont watchman and State journal; Vermont watchman.</subfield></datafield><datafield ind1=" " ind2="0" tag="651"><subfield code="a">Montpelier (Vt.)</subfield><subfield code="v">Newspapers.</subfield></datafield><datafield ind1=" " ind2="0" tag="651"><subfield code="a">Vermont</subfield><subfield code="v">Newspapers.</subfield></datafield><datafield ind1=" " ind2="7" tag="655"><subfield code="a">Newspapers.</subfield><subfield code="2">fast</subfield><subfield code="0">(OCoLC)fst01423814</subfield></datafield><datafield ind1=" " ind2="7" tag="651"><subfield code="a">Vermont.</subfield><subfield code="2">fast</subfield><subfield code="0">(OCoLC)fst01204305</subfield></datafield><datafield ind1=" " ind2="7" tag="651"><subfield code="a">Vermont</subfield><subfield code="z">Montpelier.</subfield><subfield code="2">fast</subfield><subfield code="0">(OCoLC)fst01208013</subfield></datafield><datafield ind1=" " ind2=" " tag="752"><subfield code="a">United States</subfield><subfield code="b">Vermont</subfield><subfield code="c">Washington</subfield><subfield code="d">Montpelier.</subfield></datafield><datafield ind1="0" ind2=" " tag="775"><subfield code="t">Vermont watchman and State journal</subfield><subfield code="x">1052-7419</subfield><subfield code="w">(DLC)sn 84023200</subfield><subfield code="w">(OCoLC)10841887</subfield></datafield><datafield ind1="0" ind2=" " tag="775"><subfield code="t">Vermont watchman (Montpelier, Vt. : 1883)</subfield><subfield code="x">2328-3637</subfield><subfield code="w">(DLC)sn 86071719</subfield><subfield code="w">(OCoLC)13907422</subfield></datafield><datafield ind1="0" ind2="0" tag="780"><subfield code="t">Walton's evening journal</subfield><subfield code="w">(DLC)sn 84023205</subfield></datafield><datafield ind1="0" ind2="5" tag="780"><subfield code="t">Montpelier daily record</subfield><subfield code="w">(OCoLC)38852220</subfield></datafield><datafield ind1="0" ind2="0" tag="785"><subfield code="t">Daily journal (Montpelier, Vt. : 1909)</subfield><subfield code="w">(DLC)sn 99067926</subfield><subfield code="w">(OCoLC)42044817</subfield></datafield></record>